<?xml version="1.0" encoding="UTF-8" ?><marc:collection xmlns:marc="http://www.loc.gov/MARC21/slim" xmlns:xsi="http://www.w3.org/2001/XMLSchema-instance" xsi:schemaLocation="http://www.loc.gov/MARC21/slim http://www.loc.gov/standards/marcxml/schema/MARC21slim.xsd">
<marc:record><marc:leader>01247nam a2200277 a 4500</marc:leader>
<marc:controlfield tag="001">4565</marc:controlfield>
<marc:controlfield tag="003">aeadna</marc:controlfield><marc:controlfield tag="005">20050620134100.0</marc:controlfield><marc:controlfield tag="008">970104s1846||||gw            001 0 ara| </marc:controlfield><marc:datafield tag="035" ind1=" " ind2=" "><marc:subfield code="a">(Sirsi) 4565</marc:subfield></marc:datafield><marc:datafield tag="040" ind1=" " ind2=" "><marc:subfield code="a">nal</marc:subfield><marc:subfield code="b">ara</marc:subfield><marc:subfield code="e">AACR2</marc:subfield></marc:datafield><marc:datafield tag="041" ind1="0" ind2=" "><marc:subfield code="a">ara</marc:subfield><marc:subfield code="a">ger</marc:subfield></marc:datafield><marc:datafield tag="050" ind1=" " ind2="4"><marc:subfield code="a">G101</marc:subfield><marc:subfield code="b">.Y32 1846</marc:subfield></marc:datafield><marc:datafield tag="082" ind1="1" ind2="0"><marc:subfield code="a">913.03</marc:subfield><marc:subfield code="b">21</marc:subfield></marc:datafield><marc:datafield tag="090" ind1=" " ind2=" "><marc:subfield code="a">913.03</marc:subfield><marc:subfield code="b">ي ا ك ت 1846</marc:subfield></marc:datafield><marc:datafield tag="100" ind1="2" ind2=" "><marc:subfield code="a">ياقوت الحموي، شهاب الدين أبوعبدالله ياقوت بن عبدالله،</marc:subfield><marc:subfield code="d">626-574هـ.</marc:subfield></marc:datafield><marc:datafield tag="245" ind1="1" ind2="0"><marc:subfield code="a">كتاب المشترك وضعا والمفترق صقعا /</marc:subfield><marc:subfield code="c">ياقوت بن عبد الله الحموي.</marc:subfield></marc:datafield><marc:datafield tag="246" ind1="3" ind2="0"><marc:subfield code="a">المشترك وضعا والمفترق صقعا.</marc:subfield></marc:datafield><marc:datafield tag="246" ind1="1" ind2="5"><marc:subfield code="a">Jacut`s Moschtarik, das ist: Lexicon geographischer Homonyme. ... Herausgegeben von Ferdinand Wüstenfeld.</marc:subfield></marc:datafield><marc:datafield tag="260" ind1=" " ind2=" "><marc:subfield code="a">[Göttingen :</marc:subfield><marc:subfield code="b">Verlag der Dieterichschen Buchhandlung,:</marc:subfield><marc:subfield code="c"> 1846]</marc:subfield></marc:datafield><marc:datafield tag="300" ind1=" " ind2=" "><marc:subfield code="a">475[45] ص.؛</marc:subfield><marc:subfield code="c">24 سم.</marc:subfield></marc:datafield><marc:datafield tag="546" ind1=" " ind2=" "><marc:subfield code="a">النص في معظمه باللغة العربية مع مقدّمة مستفيضة باللغة الألمانية.</marc:subfield></marc:datafield><marc:datafield tag="650" ind1=" " ind2="4"><marc:subfield code="a">الجغرافيا</marc:subfield><marc:subfield code="v">معاجم</marc:subfield></marc:datafield><marc:datafield tag="650" ind1=" " ind2="4"><marc:subfield code="a">تقاويم البلدان</marc:subfield></marc:datafield><marc:datafield tag="651" ind1=" " ind2="4"><marc:subfield code="a">العالم الإسلامي</marc:subfield><marc:subfield code="v">تقاويم البلدان</marc:subfield></marc:datafield><marc:datafield tag="700" ind1="1" ind2=" "><marc:subfield code="a">Wüstenfeld, Ferdinand, </marc:subfield><marc:subfield code="d">1808-1899</marc:subfield></marc:datafield></marc:record>
</marc:collection>
